% http://scholar.google.hr -> " (ikona navodnici - citiraj) -> bibtex

@misc{DigitalnaSlika,
	title = {{What Is a Digital Image? - Ricoh Scanners}},
	year = {2025},
	month = apr,
	note = {[Online; accessed 13. Apr. 2025]},
	url = {https://www.pfu-us.ricoh.com/blog/what-is-a-digital-image}
}

@misc{GrayscaleSlika,
	title = {{Grayscale Image - an overview {$\vert$} ScienceDirect Topics}},
	year = {2025},
	month = apr,
	note = {[Online; accessed 20. Apr. 2025]},
	doi = {10.1016/B978-0-12-822271-3.00013-X}
}

@article{Grayscale2,
	author = {linkgit},
	title = {{Why use Grayscale Conversion when Processing Images?}},
	journal = {Grayscale Images},
	year = {2024},
	month = may,
	url = {https://www.grayscaleimage.com/why-use-grayscale-conversion-when-processing-images}
}

@misc{BinarySlika,
	title = {{Grayscale Image - an overview {$\vert$} ScienceDirect Topics}},
	year = {2025},
	month = apr,
	note = {[Online; accessed 16. Apr. 2025]},
	doi = {10.1016/B978-0-12-822271-3.00013-X}
}

@misc{LumVsChrom,
	title = {{why we should use gray scale for image processing}},
	journal = {Stack Overflow},
	year = {2025},
	month = apr,
	note = {[Online; accessed 20. Apr. 2025]},
	url = {https://stackoverflow.com/questions/12752168/why-we-should-use-gray-scale-for-image-processing}
}

@misc{ImageProcessing,
	title = {{Image Processing: Techniques, Types, {\&} Applications [2024]}},
	year = {2025},
	month = apr,
	note = {[Online; accessed 21. Apr. 2025]},
	url = {https://www.v7labs.com/blog/image-processing-guide}
}

@misc{IamgeProcesingPhases,
	year = {2025},
	month = apr,
	note = {[Online; accessed 21. Apr. 2025]},
	url = {https://dl.icdst.org/pdfs/files4/01c56e081202b62bd7d3b4f8545775fb.pdf}
}

@article{Patel2023Oct,
	author = {Patel, Maahi},
	title = {{The Complete Guide to Image Preprocessing Techniques in Python}},
	journal = {Medium},
	year = {2023},
	month = oct,
	issn = {3080-4550},
	publisher = {Medium},
	url = {https://medium.com/@maahip1304/the-complete-guide-to-image-preprocessing-techniques-in-python-dca30804550c}
}

@misc{BibEntry2025Apr,
	title = {{Image Acquisition {$\vert$} Cloudinary}},
	journal = {Cloudinary},
	year = {2025},
	month = apr,
	note = {[Online; accessed 22. Apr. 2025]},
	url = {https://cloudinary.com/glossary/image-acquisition}
}


@misc{Adobe,
	title = {{What is noise in photography}},
	year = {2025},
	month = apr,
	note = {[Online; accessed 22. Apr. 2025]},
	url = {https://www.adobe.com/creativecloud/photography/hub/guides/what-is-noise-in-photography.html}
}

@article{Swain2023Jul,
	author = {Swain, Anisha},
	title = {{Noise filtering in Digital Image Processing - Anisha Swain - Medium}},
	journal = {Medium},
	year = {2023},
	month = jul,
	publisher = {Medium},
	url = {https://medium.com/@anishaswain/noise-filtering-in-digital-image-processing-d12b5266847c}
}

@misc{MeidanFilter,
	title = {{Caption for Median Filtering Illustration}},
	year = {2022},
	month = oct,
	note = {[Online; accessed 22. Apr. 2025]},
	url = {https://visns.neocities.org/MedianFiltering}
}